<?xml version="1.0" encoding="UTF-8"?><collection xmlns="http://www.loc.gov/MARC21/slim"><record><leader>00483nam--2200181-u-4500</leader><controlfield tag="001">000055580</controlfield><controlfield tag="002">20161230</controlfield><controlfield tag="005">20161230201052</controlfield><controlfield tag="008">130227s1000------------r-----000-0-eng-d</controlfield><datafield ind1=" " ind2=" " tag="040"><subfield code="a">IFIN-HH</subfield></datafield><datafield ind1=" " ind2=" " tag="080"><subfield code="a">413.232</subfield></datafield><datafield ind1="1" ind2=" " tag="110"><subfield code="a">Akademia Nauk SSSR</subfield></datafield><datafield ind1="1" ind2="0" tag="245"><subfield code="a">Slovari russkogo iazika</subfield></datafield><datafield ind1=" " ind2=" " tag="260"><subfield code="a">Moskva</subfield><subfield code="b">Inostrannih I Nationalnih Slovarei</subfield><subfield code="c">1957,1958, 1959, 1961</subfield></datafield><datafield ind1=" " ind2=" " tag="300"><subfield code="a">4 VOL</subfield></datafield><datafield ind1="1" ind2=" " tag="787"><subfield code="a">Tom Iv. S-ia</subfield><subfield code="d">1961</subfield><subfield code="h">1088p</subfield></datafield><datafield ind1=" " ind2=" " tag="852"><subfield code="a">D.23</subfield><subfield code="c">SLCH</subfield></datafield><datafield ind1=" " ind2=" " tag="CAT"><subfield code="a">Sys</subfield><subfield code="c">20130227</subfield><subfield code="h">152533</subfield></datafield></record></collection>